<record><leader>00000cas a22000007a 4500</leader><controlfield tag="001">15242307</controlfield><controlfield tag="008">870226d182318uumsuwr ne      0    0eng d</controlfield><datafield ind1=" " ind2=" " tag="010"><subfield code="a">sn 86090962 </subfield></datafield><datafield ind1=" " ind2=" " tag="040"><subfield code="a">PPM</subfield><subfield code="b">eng</subfield><subfield code="c">PPM</subfield><subfield code="d">MSJ</subfield><subfield code="d">OCLCQ</subfield></datafield><datafield ind1=" " ind2=" " tag="042"><subfield code="a">msc</subfield></datafield><datafield ind1="0" ind2=" " tag="130"><subfield code="a">Monticello gazette (Monticello, Miss. : 1823)</subfield></datafield><datafield ind1="1" ind2="4" tag="245"><subfield code="a">The Monticello gazette.</subfield></datafield><datafield ind1="1" ind2="7" tag="246"><subfield code="a">Gazette</subfield></datafield><datafield ind1=" " ind2=" " tag="260"><subfield code="a">Monticello, Miss. :</subfield><subfield code="b">Mills and Marschalk</subfield></datafield><datafield ind1=" " ind2=" " tag="310"><subfield code="a">Weekly</subfield></datafield><datafield ind1="1" ind2=" " tag="362"><subfield code="a">Began in 1823.</subfield></datafield><datafield ind1=" " ind2=" " tag="588"><subfield code="a">Description based on: Vol. 1, no. 10 (June 7, 1823).</subfield></datafield><datafield ind1="1" ind2=" " tag="700"><subfield code="a">Marschalk, Andrew.</subfield></datafield><datafield ind1=" " ind2=" " tag="752"><subfield code="a">United States</subfield><subfield code="b">Mississippi</subfield><subfield code="c">Lawrence</subfield><subfield code="d">Monticello.</subfield></datafield><datafield ind1="1" ind2=" " tag="029"><subfield code="a">AU@</subfield><subfield code="b">000025793676</subfield></datafield></record>